<record><leader>00000cas a22000007a 4500</leader><controlfield tag="001">9845374</controlfield><controlfield tag="008">830825d186618uunyuer ne      0    0eng d</controlfield><datafield ind1=" " ind2=" " tag="010"><subfield code="a">sn 83031441 </subfield></datafield><datafield ind1=" " ind2=" " tag="040"><subfield code="a">NPU</subfield><subfield code="b">eng</subfield><subfield code="c">NPU</subfield><subfield code="d">AQM</subfield><subfield code="d">OCLCQ</subfield></datafield><datafield ind1=" " ind2=" " tag="019"><subfield code="a">191224173</subfield></datafield><datafield ind1=" " ind2=" " tag="042"><subfield code="a">msc</subfield></datafield><datafield ind1="0" ind2="4" tag="245"><subfield code="a">The Union jack.</subfield></datafield><datafield ind1=" " ind2=" " tag="260"><subfield code="a">Newburgh, N.Y. :</subfield><subfield code="b">Ludlow Case</subfield></datafield><datafield ind1=" " ind2=" " tag="300"><subfield code="a">v. ;</subfield><subfield code="c">27 cm.</subfield></datafield><datafield ind1=" " ind2=" " tag="310"><subfield code="a">Biweekly</subfield></datafield><datafield ind1="1" ind2=" " tag="362"><subfield code="a">Began in 1866.</subfield></datafield><datafield ind1=" " ind2=" " tag="500"><subfield code="a">Published at the end of every two weeks.</subfield></datafield><datafield ind1=" " ind2=" " tag="588"><subfield code="a">Description based on: No. 5 (Nov. 17, 1866).</subfield></datafield><datafield ind1=" " ind2="4" tag="655"><subfield code="a">Amateur periodicals.</subfield></datafield><datafield ind1=" " ind2="7" tag="655"><subfield code="a">Juvenile literature</subfield><subfield code="x">Periodicals.</subfield><subfield code="2">rbgenr</subfield></datafield><datafield ind1=" " ind2=" " tag="752"><subfield code="a">United States</subfield><subfield code="b">New York</subfield><subfield code="c">Orange</subfield><subfield code="d">Newburgh.</subfield></datafield></record>